


@book{newman2019,
        author={Newman,S.},
        year={2019},
        title={Monolith to Microservices. Evolutionary patterns to transform your monolith.},
        publisher={O'Reilly Media, Inc.},
        address={},
        pages={150 p},
        note={1st edition.},
        isbn={9781492047841},
        language={eng}
}

@book{isoiec27001,
        author={Calder, A.},
        year={2008},
        title={ISO27001 / ISO27002 A Pocket Guide},
        publisher={IT Governance Publishing},
        address={Cambridgeshire},
        pages={74 p},
        note={},
        isbn={978-1-84928-166-9},
        language={eng}
}
